---
---
References
==========

@misc {mathnote,
  url           = {https://www.sscc.edu/home/jdavidso/MathAdvising/AboutCalculus.html},
  title         = {About Calculus},
  author        = {Jon Davidson},
  year          = {2021},
  note          = {[Online; accessed 2021-07-18]}
}
@misc {paulcalc,
  url           = {https://tutorial.math.lamar.edu/Classes/CalcI/CalcI.aspx},
  title         = {Calculus I},
  author        = {Paul Dawkins},
  year          = {2021},
  note          = {[Online; accessed 2021-07-18]}
}
@misc {ostaxcalc,
  url           = {https://openstax.org/books/calculus-volume-1},
  title         = {Calculus I},
  author        = {Joseph Lakey and Elaine A. Terry},
  publisher     = {openstax},
  year          = {2021},
  note          = {[Online; accessed 2021-07-18]}
}
@misc {wiki_sec,
  url           = {https://en.wikipedia.org/wiki/Secant_line},
  title         = {Wikipedia: Secant line},
  year          = {2021},
  note          = {[Online; accessed 2021-07-28]}
}
@misc {wiki_trigo,
  url           = {https://en.wikipedia.org/wiki/Trigonometric_functions},
  title         = {Wikipedia: Trigonometric functions},
  year          = {2021},
  note          = {[Online; accessed 2021-07-28]}
}
@misc {exp_theory,
  url           = {https://paramanands.blogspot.com/2014/05/theories-of-exponential-and-logarithmic-functions-part-1.html},
  title         = {Theories of Exponential and Logarithmic Functions},
  author        = {Paramanand Singh},
  year          = {2021},
  note          = {[Online; accessed 2021-09-05]}
}
@misc {bex_e,
  url           = {https://betterexplained.com/articles/an-intuitive-guide-to-exponential-functions-e},
  title         = {An Intuitive Guide To Exponential Functions & e},
  author        = {Kalid Azad},
  year          = {2021},
  note          = {[Online; accessed 2021-09-08]}
}