---
---
References
              = =========
@book{Deisenroth:2020,
   PLACE      = {Cambridge}, 
   TITLE      = {Mathematics for Machine Learning}, 
   DOI        = {10.1017/9781108679930}, 
   PUBLISHER  = {Cambridge University Press}, 
   AUTHOR     = {Deisenroth, Marc Peter
               AND Faisal, A. Aldo
               AND Ong, Cheng Soon}, 
   YEAR       = {2020},
   URL        = {https://mml-book.github.io/book/mml-book.pdf},
}
@misc {Guillaume Klein:2021,
   URL        = {https://nlp.seas.harvard.edu/2018/04/03/attention.html},
   TITLE      = {The Annotated Transformer},
   YEAR       = {2021},
   NOTE       = {[Online; accessed 2023-04-04]},
   AUTHOR     = {Guillaume Klein
               AND Yoon Kim
               AND Yuntian Deng
               AND Jean Senellart
               AND Alexander M. Rush}, 
}